<record><leader>00000cas a22000007a 4500</leader><controlfield tag="001">16932691</controlfield><controlfield tag="008">871103d18871936ohudn ne      0    0eng d</controlfield><datafield ind1=" " ind2=" " tag="010"><subfield code="a">sn 87076808 </subfield></datafield><datafield ind1=" " ind2=" " tag="040"><subfield code="a">ONP</subfield><subfield code="b">eng</subfield><subfield code="c">ONP</subfield><subfield code="d">OCLCQ</subfield></datafield><datafield ind1=" " ind2=" " tag="042"><subfield code="a">msc</subfield></datafield><datafield ind1="0" ind2="4" tag="245"><subfield code="a">The Van Wert daily bulletin.</subfield></datafield><datafield ind1=" " ind2=" " tag="260"><subfield code="a">Van Wert, Ohio :</subfield><subfield code="b">J.H. Foster</subfield></datafield><datafield ind1=" " ind2=" " tag="300"><subfield code="a">v.</subfield></datafield><datafield ind1=" " ind2=" " tag="310"><subfield code="a">Daily (except Sun.)</subfield></datafield><datafield ind1="1" ind2=" " tag="362"><subfield code="a">Began in 1887? Ceased with May 16, 1936 issue.</subfield></datafield><datafield ind1=" " ind2=" " tag="588"><subfield code="a">Description based on: Aug. 23, 1899.</subfield></datafield><datafield ind1=" " ind2="4" tag="651"><subfield code="a">Van Wert (Ohio)</subfield><subfield code="v">Newspapers.</subfield></datafield><datafield ind1=" " ind2="4" tag="651"><subfield code="a">Van Wert County (Ohio)</subfield><subfield code="v">Newspapers.</subfield></datafield><datafield ind1=" " ind2=" " tag="752"><subfield code="a">United States</subfield><subfield code="b">Ohio</subfield><subfield code="c">Van Wert</subfield><subfield code="d">Van Wert.</subfield></datafield><datafield ind1="0" ind2=" " tag="775"><subfield code="t">Van Wert weekly bulletin (Van Wert, Ohio : 1868)</subfield><subfield code="w">(DLC)sn 86079059</subfield></datafield><datafield ind1="0" ind2=" " tag="775"><subfield code="t">Twice-a-week bulletin</subfield><subfield code="w">(DLC)sn 87076803</subfield></datafield><datafield ind1="0" ind2="7" tag="785"><subfield code="t">Van Wert times (Van Wert, Ohio : 1919)</subfield><subfield code="w">(DLC)sn 87076809</subfield></datafield><datafield ind1="0" ind2="7" tag="785"><subfield code="t">Van Wert times-bulletin</subfield><subfield code="w">(DLC)sn 87076810</subfield></datafield><datafield ind1="1" ind2=" " tag="029"><subfield code="a">AU@</subfield><subfield code="b">000025801823</subfield></datafield></record>